@misc{FB_Google, 
  author =       {Stefan Schultz}, 
  title =        {Facebook wird googlebar}, 
  year =         2007, 
  note =         {\url{http://www.spiegel.de/netzwelt/web/strategiewechsel-facebook-wird-googlebar-a-504169.html}}, 
} 

@Misc{passwordsCommon,
  author =       {Deb Shinder},
  title =           {Understanding and selecting authentication methods},
  year =         2001, 
  note =          {\url{https://www.techrepublic.com/article/understanding-and-selecting-authentication-methods/}},
  annote =       {URL}
}

@Misc{darknetYahoo,
  author =       {Tom Berchem},
  title =        {200 Millionen Yahoo Nutzer-Daten im Darknet},
  year =         2016, 
  note =        {\url{https://blog.botfrei.de/2016/08/200-millionen-yahoo-nutzer-daten-im-darknet/}},
  annote =       {URL}
}

@Misc{bruteForce,
  author =       {Esheridan},
  title =          {Blocking Brute Force Attacks},
  year =         2006, 
  note =        {\url{https://www.owasp.org/index.php/Blocking_Brute_Force_Attacks}},
  annote =       {URL}
}

@Misc{bkaInternertkrimi,
  author =       {BKA},
  title =           {Bundeslagebilder Cybercrime},
  year =         2017, 
  note =          {\url{https://www.bka.de/DE/AktuelleInformationen/StatistikenLagebilder/Lagebilder/Cybercrime/cybercrime_node.html}},
  annote =       {URL}
}

@Misc{benutzerGedanken,
  author =       {Annika Kremer},
  title =           {Passwort-Sicherheit: Viel Raum für Verbesserungen},
  year =         2017, 
  note =          {\url{http://www.netzpiloten.de/passwort-sicherheit-verbesserungen/}},
  annote =       {URL}
}

@Misc{benutzungTwoFactor,
  author =       {Russell Brandom},
  title =           {Two-factor authentication is a mess},
  year =         2017, 
  note =          {\url{https://www.theverge.com/2017/7/10/15946642/two-factor-authentication-online-security-mess}},
  annote =       {URL}
}

@BOOK{passwordsAreDead,
  AUTHOR	= {Michael Bachmann},
  TITLE	= {Passwords are Dead Alternative Authentication Methods},
  PUBLISHER 	= {IEEE},
  YEAR     	= {2014},
  ADDRESS    = {The Hague, Netherlands},
  ISBN		= {978-1-4799-6364-5}
}

@inproceedings{taneski2014password,
  title={Password security—No change in 35 years?},
  author={Taneski, Viktor and Hericko, Marjan and Brumen, Bostjan},
  booktitle={Information and Communication Technology, Electronics and Microelectronics (MIPRO), 2014 37th International Convention on},
  pages={1360--1365},
  year={2014},
  organization={IEEE}
}

@inproceedings{karapanos2015sound,
  title={Sound-Proof: Usable Two-Factor Authentication Based on Ambient Sound.},
  author={Karapanos, Nikolaos and Marforio, Claudio and Soriente, Claudio and Capkun, Srdjan},
  booktitle={USENIX Security Symposium},
  pages={483--498},
  year={2015}
}

@inproceedings{amin2017security,
  title={Security on “Secure Remote Login Scheme with Password and Smart Card Update Facilities”},
  author={Amin, Ruhul and Rajkumar, S and Kumar, Rahul},
  booktitle={Mathematics and Computing: Third International Conference, ICMC 2017, Haldia, India, January 17-21, 2017, Proceedings},
  volume={655},
  pages={26},
  year={2017},
  organization={Springer}
}

@inproceedings{jarecki2018two,
  title={Two-Factor Authentication with End-to-End Password Security},
  author={Jarecki, Stanislaw and Krawczyk, Hugo and Shirvanian, Maliheh and Saxena, Nitesh},
  booktitle={International Conference on Practice and Theory of Public Key Cryptography (PKC)},
  year={2018}
}